@article{luszcz2018apache,
	title={Apache struts 2: how technical and development gaps caused the equifax breach},
	author={Luszcz, Jeff},
	journal={Network Security},
	volume={2018},
	number={1},
	pages={5--8},
	year={2018},
	publisher={Elsevier}
}

@misc{apachestruts, title={{CVE-2017-5638: The Apache Struts vulnerability explained: Synopsys}}, url={https://www.synopsys.com/blogs/software-security/cve-2017-5638-apache-struts-vulnerability-explained/}, journal={Software Integrity Blog}, year={2021}, month={Nov}}

@techreport{dworkin2001recommendation,
	title={Recommendation for block cipher modes of operation. methods and techniques},
	author={Dworkin, Morris},
	year={2001},
	institution={National Inst of Standards and Technology Gaithersburg MD Computer security Div}
}