
@misc{lakshmanan,
	title = {How {Linux} {Stores} and {Manages} {User} {Passwords}},
	url = {https://www.maketecheasier.com/how-linux-stores-manages-user-passwords/},
	abstract = {Have you wondered how Linux efficiently manages a multi-user environment? We explain here how Linux stores and manages user passwords and logins.},
	language = {en-US},
	urldate = {2023-05-14},
	journal = {Make Tech Easier},
	author = {Lakshmanan, Divya},
	month = jan,
	year = {2020},
}

@misc{rule_based_attack_nodate,
	title = {rule\_based\_attack [hashcat wiki]},
	url = {https://hashcat.net/wiki/doku.php?id=rule_based_attack},
	urldate = {2023-05-15},
}
